<record><leader>00000cas a2200000 a 4500</leader><controlfield tag="001">607526125</controlfield><controlfield tag="006">m     o  d        </controlfield><controlfield tag="007">cr |||||||||||</controlfield><controlfield tag="008">100416d18671868gaudn nso     |    0eng c</controlfield><datafield ind1=" " ind2=" " tag="010"><subfield code="a">  2010233027</subfield></datafield><datafield ind1=" " ind2=" " tag="040"><subfield code="a">GUA</subfield><subfield code="b">eng</subfield><subfield code="c">GUA</subfield><subfield code="d">OCLCQ</subfield><subfield code="d">OCLCF</subfield><subfield code="d">OCLCO</subfield><subfield code="d">OCLCQ</subfield></datafield><datafield ind1=" " ind2=" " tag="042"><subfield code="a">pcc</subfield></datafield><datafield ind1=" " ind2=" " tag="043"><subfield code="a">n-us-ga</subfield></datafield><datafield ind1="1" ind2="4" tag="050"><subfield code="a">AN13.A82</subfield></datafield><datafield ind1="0" ind2=" " tag="130"><subfield code="a">Daily opinion (Atlanta, Ga. : Online)</subfield></datafield><datafield ind1="1" ind2="4" tag="245"><subfield code="a">The daily opinion.</subfield></datafield><datafield ind1=" " ind2=" " tag="260"><subfield code="a">Atlanta, Ga. :</subfield><subfield code="b">W.L. Scruggs &amp; J.B. Dumble</subfield></datafield><datafield ind1=" " ind2=" " tag="310"><subfield code="a">Daily (except Sun.)</subfield></datafield><datafield ind1=" " ind2=" " tag="336"><subfield code="a">text</subfield><subfield code="b">txt</subfield><subfield code="2">rdacontent</subfield></datafield><datafield ind1=" " ind2=" " tag="337"><subfield code="a">computer</subfield><subfield code="b">c</subfield><subfield code="2">rdamedia</subfield></datafield><datafield ind1=" " ind2=" " tag="338"><subfield code="a">online resource</subfield><subfield code="b">cr</subfield><subfield code="2">rdacarrier</subfield></datafield><datafield ind1="1" ind2=" " tag="362"><subfield code="a">Print began in 1867; ceased in 1868.</subfield></datafield><datafield ind1=" " ind2=" " tag="588"><subfield code="a">Description based on: Vol. 1, no. 161 (Aug. 29, 1867); title from pdf image of caption (Georgia Historical Newspapers, viewed Apr. 9, 2010).</subfield></datafield><datafield ind1=" " ind2=" " tag="588"><subfield code="a">Latest issue consulted: Vol. 1, no. 304 (Feb. 15, 1868), viewed Apr. 9, 2010.</subfield></datafield><datafield ind1=" " ind2="0" tag="651"><subfield code="a">Atlanta (Ga.)</subfield><subfield code="v">Newspapers.</subfield></datafield><datafield ind1=" " ind2="0" tag="651"><subfield code="a">Fulton County (Ga.)</subfield><subfield code="v">Newspapers.</subfield></datafield><datafield ind1=" " ind2="7" tag="651"><subfield code="a">Georgia</subfield><subfield code="z">Atlanta.</subfield><subfield code="2">fast</subfield><subfield code="0">(OCoLC)fst01204627</subfield></datafield><datafield ind1=" " ind2="7" tag="651"><subfield code="a">Georgia</subfield><subfield code="z">Fulton County.</subfield><subfield code="2">fast</subfield><subfield code="0">(OCoLC)fst01211153</subfield></datafield><datafield ind1=" " ind2="7" tag="655"><subfield code="a">Newspapers.</subfield><subfield code="2">fast</subfield><subfield code="0">(OCoLC)fst01423814</subfield></datafield><datafield ind1=" " ind2=" " tag="752"><subfield code="a">United States</subfield><subfield code="b">Georgia</subfield><subfield code="c">Fulton</subfield><subfield code="d">Atlanta.</subfield></datafield><datafield ind1="0" ind2=" " tag="775"><subfield code="t">Georgia weekly opinion</subfield><subfield code="w">(DLC)  2010233016</subfield></datafield><datafield ind1="0" ind2="8" tag="776"><subfield code="i">Print version:</subfield><subfield code="t">Daily opinion (Atlanta, Ga.)</subfield><subfield code="w">(DLC)sn 89053694</subfield><subfield code="w">(OCoLC)20072335</subfield></datafield><datafield ind1="0" ind2="0" tag="785"><subfield code="t">Daily southern opinion (Atlanta, Ga. : Online)</subfield><subfield code="w">(DLC)  2010233015</subfield><subfield code="w">(OCoLC)607521815</subfield></datafield><datafield ind1="4" ind2="0" tag="856"><subfield code="u">http://atlnewspapers.galileo.usg.edu/atlnewspapers/search?sort=year&amp;title=Daily+Opinion&amp;source.page=1</subfield></datafield></record>